<?xml version="1.0" encoding="UTF-8"?><collection xmlns="http://www.loc.gov/MARC21/slim"><record><leader>00340nam--2200133-i-4500</leader><controlfield tag="001">000021345</controlfield><controlfield tag="002">20161230</controlfield><controlfield tag="005">20161230201034</controlfield><controlfield tag="008">060222s1000------------r-----000-0-eng-d</controlfield><datafield ind1=" " ind2=" " tag="080"><subfield code="a">774</subfield></datafield><datafield ind1=" " ind2=" " tag="100"><subfield code="a">Ignatiev, V. G</subfield></datafield><datafield ind1=" " ind2=" " tag="245"><subfield code="a">Citirea desenelor tehnice. traducere din limba rusa</subfield></datafield><datafield ind1=" " ind2=" " tag="260"><subfield code="a">Bucuresti, Ed. Tehnica, 1952. 64p</subfield></datafield><datafield ind1=" " ind2=" " tag="852"><subfield code="a">26390</subfield></datafield></record></collection>